@Misc{hid-sp18-514-benfordwiki,
  title = {BenfordLaw Wikipedia},
  howpublished = {Web Page},
  Url = {https://en.wikipedia.org/wiki/Benford%27s_law}
}
@Misc{hid-sp18-514-nsn-ds,
  title = {National Stock Numbr Extract - DataSet},
  howpublished = {Web Page},
  Url = {https://inventory.data.gov/dataset/67567804-073d-40ad-a710-2b0bed8b84e2/resource/360b0748-d161-4857-a7dc-dfccfaeea096/download/nsn-extract-4-5-17.xlsx}
}
@Misc{hid-sp18-514-excelDatalocation,
  title = {Excel Dataset Location},
  howpublished = {Web Page},
  Url = {https://inventory.data.gov/dataset/67567804-073d-40ad-a710-2b0bed8b84e2/resource/360b0748-d161-4857-a7dc-dfccfaeea096/download/nsn-extract-4-5-17.xlsx}
}
@Misc{hid-sp18-514-csvDatalocation,
  title = {CSV Dataset Location},
  howpublished = {Web Page},
  Url = {https://data.cityofnewyork.us/api/views/kku6-nxdu/rows.csv?accessType=DOWNLOAD}
}
@Misc{hid-sp18-514-nsn-ds-desc,
  title = {National Stock Numbr Extract - DataSet},
  howpublished = {Web Page},
  Url = {https://catalog.data.gov/dataset/national-stock-number-extract}
}
@Misc{hid-sp18-514-purchase-card-desc,
  title = {Purchse Card Transactions - DataSet},
  howpublished = {Web Page},
  Url = {https://catalog.data.gov/dataset/purchase-card-pcard-fiscal-year-2014}
}

@Misc{hid-sp18-514-purchase-card-ds,
  title = {Purchse Card Transactions - DataSet},
  howpublished = {Web Page},
  Url = {https://catalog.data.gov/dataset/purchase-card-pcard-fiscal-year-2014/resource/4105c297-84dc-4f25-9061-c4e2ad38f7d2}
}