@Misc{hid-sp18-514-bigdata-stream-overview,
  title = {Real Time Stream Processing - Big Data},
  howpublished = {Amazon AWS},
  Url = {https://aws.amazon.com/streaming-data/}
}
@Misc{hid-sp18-514-hwp,
  title = {Real Time Stream Processing - Big Data},
  howpublished = {Hortonworks},
  Url = {https://hortonworks.com/tutorial/realtime-event-processing-in-hadoop-with-nifi-kafka-and-storm/section/1/}
}
@Misc{hid-sp18-514-dmp,
  title = {Real Time Stream Processing - Big Data},
  howpublished = {Oracle},
  Url = {https://www.oracle.com/marketingcloud/products/data-management-platform/index.html}
}
@Misc{hid-sp18-506-hdfs,
  title = {HDFS - Big Data},
  howpublished = {Web},
  Url = {https://hadoop.apache.org/docs/r1.2.1/hdfs_design.html} 
}
@Misc{hid-sp18-506-hdfs2,
  title = {HDFS - Big Data},
  howpublished = {Web},
  Url = {https://hortonworks.com/apache/hdfs/}
 }
   


